<record><leader>01718cam a2200349 a 4500</leader><controlfield tag="001">1339915</controlfield><controlfield tag="008">901203s1985    sz           i1   0 eng c</controlfield><datafield ind1=" " ind2=" " tag="035"><subfield code="a">ocm70307693</subfield></datafield><datafield ind1=" " ind2=" " tag="040"><subfield code="b">eng</subfield></datafield><datafield ind1=" " ind2=" " tag="043"><subfield code="a">d------</subfield></datafield><datafield ind1=" " ind2=" " tag="049"><subfield code="a">AEU</subfield><subfield code="b">eng</subfield></datafield><datafield ind1=" " ind2=" " tag="086"><subfield code="a">TD/B/1055</subfield></datafield><datafield ind1="0" ind2=" " tag="090"><subfield code="a">GOV DOC UN1 TD\B\ 1055</subfield></datafield><datafield ind1="0" ind2="0" tag="245"><subfield code="a">Report of the meeting of governmental experts of donor countries and multilateral and bilateral financial and technical assistance institutions with representatives of the least developed countries ... /</subfield><subfield code="c">United Nations Conference on Trade and Development, Trade and Development Board.</subfield></datafield><datafield ind1=" " ind2=" " tag="260"><subfield code="a">Geneva :</subfield><subfield code="b">United Nations,</subfield><subfield code="c">1985.</subfield></datafield><datafield ind1=" " ind2=" " tag="300"><subfield code="a">39, 2 p. ;</subfield><subfield code="c">30 cm.</subfield></datafield><datafield ind1=" " ind2=" " tag="336"><subfield code="a">text</subfield><subfield code="b">txt</subfield><subfield code="2">rdacontent</subfield></datafield><datafield ind1=" " ind2=" " tag="337"><subfield code="a">unmediated</subfield><subfield code="b">n</subfield><subfield code="2">rdamedia</subfield></datafield><datafield ind1=" " ind2=" " tag="338"><subfield code="a">volume</subfield><subfield code="b">nc</subfield><subfield code="2">rdacarrier</subfield></datafield><datafield ind1=" " ind2=" " tag="500"><subfield code="a">Caption title.</subfield></datafield><datafield ind1=" " ind2=" " tag="500"><subfield code="a">On cover: United Nations Conference on Trade and Development.</subfield></datafield><datafield ind1=" " ind2=" " tag="500"><subfield code="a">"as part of preparation for the mid-term global review of the implementation of the substantial new programme of action, held at the Palais des Nations, Geneva, from 1 to 10 May 1985"</subfield></datafield><datafield ind1=" " ind2=" " tag="500"><subfield code="a">"TD/B/1055, TD/B/AC.41/6, 13 June 1985"</subfield></datafield><datafield ind1=" " ind2=" " tag="500"><subfield code="a">"GE.85-52328"</subfield></datafield><datafield ind1=" " ind2=" " tag="504"><subfield code="a">Includes bibliographical references.</subfield></datafield><datafield ind1=" " ind2=" " tag="596"><subfield code="a">38</subfield></datafield><datafield ind1="2" ind2="0" tag="610"><subfield code="a">United Nations</subfield><subfield code="x">Technical assistance</subfield><subfield code="v">Congresses.</subfield></datafield><datafield ind1=" " ind2="0" tag="650"><subfield code="a">Technical assistance</subfield><subfield code="z">Developing countries</subfield><subfield code="v">Congresses.</subfield></datafield><datafield ind1=" " ind2="0" tag="651"><subfield code="a">Developing countries</subfield><subfield code="x">Economic policy.</subfield></datafield><datafield ind1="2" ind2=" " tag="710"><subfield code="a">United Nations Conference on Trade and Development.</subfield><subfield code="b">Trade and Development Board.</subfield></datafield><datafield ind1="2" ind2=" " tag="710"><subfield code="a">United Nations Conference on Trade and Development.</subfield></datafield><datafield ind1=" " ind2=" " tag="926"><subfield code="a">GOV DOC UN1 TD/B/ 1055</subfield><subfield code="w">LC</subfield><subfield code="c">1</subfield><subfield code="i">000035091446</subfield><subfield code="l">ON_SHELF</subfield><subfield code="m">UABARD</subfield><subfield code="p">$150.00</subfield><subfield code="r">Y</subfield><subfield code="s">Y</subfield><subfield code="t">BOOK</subfield><subfield code="u">12/5/1990</subfield><subfield code="o">.STAFF. C0008857</subfield></datafield></record>